@inbook{
	Levenshtein,
	author="Левенштейн, В. И.",
	title="Двоичные коды с исправлением выпадений, вставок и замещений символов",
	publisher="-- М.: Доклады АН СССР",
	volume=163,
	chapter=4,
	pages="845--848",
	language="russian",
	year=1965
}

@inbook{golang,
    author="Марк Саммерфильд",
	title="Программирование на Go. Разработка приложений XXI века",
	publisher="--М.: ДМК Пресс, 2013",
	volume= 580,
	chapter=9,
	pages="130-216",
	language="russian",
	year=2013,
	}
}

@misc{timing,
	title="Absolute time",
	howpublished="Режим доступа: \url{https://https://developer.apple.com/
	documentation/kernel/1462446-machabsolutetime} (дата обращения: 20.09.2020)"
}


@misc{intel,
	title="Процессор Intel® Core™ i5 10 gen. [Электронный ресурс]",
	howpublished="Режим доступа: \url{https://https://www.intel.ru/content/www/ru/ru/
	products/docs/processors/core/
	10th-gen-processors.html} (дата обращения: 30.09.2020)"
}

@misc{vscode,
	title="Среда разработки Goland",
	howpublished="Режим доступа: \url{https://www.jetbrains.com/go/promo/} (дата обращения: 29.9.2020)"
}


@misc{computer,
	title="Технические характеристики ноутбука Apple MacBook Pro",
	howpublished="Режим доступа: \url{https://www.apple.com/macbook-pro-13/} (дата обращения: 5.10.2020)"
}